@article{Macdonald_2012,
   title={Adjusted Plus-Minus for NHL Players using Ridge Regression with Goals, Shots, Fenwick, and Corsi},
   volume={8},
   ISSN={1559-0410},
   url={http://dx.doi.org/10.1515/1559-0410.1447},
   DOI={10.1515/1559-0410.1447},
   number={3},
   journal={Journal of Quantitative Analysis in Sports},
   publisher={Walter de Gruyter GmbH},
   author={Macdonald, Brian},
   year={2012},
   month=jan }

@article{Macdonald_2011,
   title={A Regression-Based Adjusted Plus-Minus Statistic for NHL Players},
   volume={7},
   ISSN={1559-0410},
   url={http://dx.doi.org/10.2202/1559-0410.1284},
   DOI={10.2202/1559-0410.1284},
   number={3},
   journal={Journal of Quantitative Analysis in Sports},
   publisher={Walter de Gruyter GmbH},
   author={Macdonald, Brian},
   year={2011},
   month=jan }

   @misc{nhl_website,
  author       = {{National Hockey League}},
  title        = {NHL Official Website},
  year         = 2023,
  url          = {https://www.nhl.com},
  note         = {Accessed: 2024-10-10}
}

@misc{natural_stat_trick,
  author       = {{Natural Stat Trick}},
  title        = {Natural Stat Trick Hockey Statistics},
  year         = 2023,
  url          = {https://www.naturalstattrick.com},
  note         = {Accessed: 2024-10-10}
}
